@book{habthesis,
    author    = "Tomasz Bold",
    title     = "High Level Trigger role in extending physics reach of the ATLAS experiment at the LHC",
    year      = "2016",
    publisher = "Wydawnictwo EXPOL",
    address   = "AGH, Krakow, Polska"
}